<record><leader>00000cas a22000007a 4500</leader><controlfield tag="001">47183136</controlfield><controlfield tag="008">010623d1uuu1998inuwr ne      0    0eng d</controlfield><datafield ind1=" " ind2=" " tag="010"><subfield code="a">sn2001062815</subfield></datafield><datafield ind1=" " ind2=" " tag="040"><subfield code="a">NPI</subfield><subfield code="b">eng</subfield><subfield code="c">NPI</subfield><subfield code="d">OCLCQ</subfield><subfield code="d">OCLCF</subfield><subfield code="d">OCLCO</subfield></datafield><datafield ind1="1" ind2=" " tag="029"><subfield code="a">AU@</subfield><subfield code="b">000022778593</subfield></datafield><datafield ind1=" " ind2=" " tag="042"><subfield code="a">msc</subfield></datafield><datafield ind1=" " ind2=" " tag="043"><subfield code="a">n-us-in</subfield></datafield><datafield ind1="0" ind2=" " tag="130"><subfield code="a">Paper (Wabash, Ind.)</subfield></datafield><datafield ind1="1" ind2="4" tag="245"><subfield code="a">The paper.</subfield></datafield><datafield ind1=" " ind2=" " tag="260"><subfield code="a">Wabash, IN :</subfield><subfield code="b">[s.n.],</subfield><subfield code="c">-1998.</subfield></datafield><datafield ind1=" " ind2=" " tag="300"><subfield code="a">v. :</subfield><subfield code="b">ill. ;</subfield><subfield code="c">42 cm.</subfield></datafield><datafield ind1=" " ind2=" " tag="310"><subfield code="a">Weekly</subfield></datafield><datafield ind1="0" ind2=" " tag="362"><subfield code="a">-v. 21, no. 48 (Feb. 4, 1998).</subfield></datafield><datafield ind1=" " ind2=" " tag="588"><subfield code="a">Description based on: Vol. 21, no. 46 (Jan. 21, 1998).</subfield></datafield><datafield ind1=" " ind2="0" tag="651"><subfield code="a">Wabash County (Ind.)</subfield><subfield code="v">Newspapers.</subfield></datafield><datafield ind1=" " ind2="7" tag="655"><subfield code="a">Newspapers.</subfield><subfield code="2">fast</subfield><subfield code="0">(OCoLC)fst01423814</subfield></datafield><datafield ind1=" " ind2="7" tag="651"><subfield code="a">Indiana</subfield><subfield code="z">Wabash County.</subfield><subfield code="2">fast</subfield><subfield code="0">(OCoLC)fst01218140</subfield></datafield><datafield ind1=" " ind2=" " tag="752"><subfield code="a">United States</subfield><subfield code="b">Indiana</subfield><subfield code="c">Wabash</subfield><subfield code="d">Wabash.</subfield></datafield><datafield ind1="0" ind2="0" tag="785"><subfield code="t">Paper of Wabash County, inc.</subfield><subfield code="w">(DLC)sn2001062816</subfield></datafield></record>